@article{timeGAN,
    author = "Jinsung Yoon, Daniel Jarrett, and Mihaela Van der Schaar",
    title = "Time-series generative adversarial networks",
    journal = "Advances in Neural Information Processing Systems",
    year = "2019"
}

@misc{srinivasan2022timeseries,
      title={Time-series Transformer Generative Adversarial Networks}, 
      author={Padmanaba Srinivasan and William J. Knottenbelt},
      year={2022},
      eprint={2205.11164},
      archivePrefix={arXiv},
      primaryClass={cs.LG}
}

@misc{esteban2017realvalued,
      title={Real-valued (Medical) Time Series Generation with Recurrent Conditional GANs}, 
      author={Cristóbal Esteban and Stephanie L. Hyland and Gunnar Rätsch},
      year={2017},
      eprint={1706.02633},
      archivePrefix={arXiv},
      primaryClass={stat.ML}


}

@article{article,
author = {Senin, Pavel},
year = {2009},
month = {01},
pages = {},
title = {Dynamic Time Warping Algorithm Review}
}

@article{article2,
author = {Hochreiter, Sepp and Schmidhuber, Jürgen},
year = {1997},
month = {12},
pages = {1735-80},
title = {Long Short-term Memory},
volume = {9},
journal = {Neural computation},
doi = {10.1162/neco.1997.9.8.1735}
}